<record><leader>00000cas a2200000 a 4500</leader><controlfield tag="001">9316238</controlfield><controlfield tag="008">830316d18721879iludn ne      0   a0eng c</controlfield><datafield ind1=" " ind2=" " tag="010"><subfield code="a">sn 83045109 </subfield></datafield><datafield ind1=" " ind2=" " tag="040"><subfield code="a">CRL</subfield><subfield code="b">eng</subfield><subfield code="c">CRL</subfield><subfield code="d">NPW</subfield><subfield code="d">NPX</subfield><subfield code="d">DLC</subfield><subfield code="d">NPU</subfield><subfield code="d">NPY</subfield><subfield code="d">NPA</subfield><subfield code="d">NPW</subfield><subfield code="d">PPM</subfield><subfield code="d">DLC</subfield><subfield code="d">NPI</subfield><subfield code="d">NVF</subfield><subfield code="d">CVF</subfield><subfield code="d">NVF</subfield><subfield code="d">DLC</subfield><subfield code="d">NVF</subfield><subfield code="d">CUS</subfield><subfield code="d">CUI</subfield><subfield code="d">OCLCQ</subfield><subfield code="d">OCLCF</subfield><subfield code="d">NVF</subfield><subfield code="d">OCLCO</subfield><subfield code="d">CUS</subfield><subfield code="d">DLC</subfield></datafield><datafield ind1=" " ind2=" " tag="042"><subfield code="a">pcc</subfield></datafield><datafield ind1=" " ind2=" " tag="043"><subfield code="a">n-us-il</subfield></datafield><datafield ind1="0" ind2="0" tag="050"><subfield code="a">Newspaper</subfield></datafield><datafield ind1="1" ind2="4" tag="050"><subfield code="a">HF3066</subfield><subfield code="b">.I58</subfield></datafield><datafield ind1="0" ind2=" " tag="130"><subfield code="a">Inter ocean (Chicago, Ill. : 1872)</subfield></datafield><datafield ind1="1" ind2="0" tag="245"><subfield code="a">Inter ocean.</subfield></datafield><datafield ind1="1" ind2="3" tag="246"><subfield code="a">Daily inter-ocean</subfield><subfield code="f">&lt;Feb. 20, 1874&gt;-Nov. 11, 1879</subfield></datafield><datafield ind1="3" ind2=" " tag="246"><subfield code="a">Daily inter ocean</subfield></datafield><datafield ind1=" " ind2=" " tag="260"><subfield code="a">Chicago, Ill. :</subfield><subfield code="b">[s.n.],</subfield><subfield code="c">1872-1879.</subfield></datafield><datafield ind1=" " ind2=" " tag="300"><subfield code="a">v.</subfield></datafield><datafield ind1=" " ind2=" " tag="310"><subfield code="a">Daily (except Sunday),</subfield><subfield code="b">Feb. 23, 1875-Nov. 11, 1879</subfield></datafield><datafield ind1=" " ind2=" " tag="321"><subfield code="a">Daily (except Sunday),</subfield><subfield code="b">Mar. 25-Nov. 30, 1872</subfield></datafield><datafield ind1=" " ind2=" " tag="321"><subfield code="a">Daily,</subfield><subfield code="b">Dec. 1, 1872-Feb. 22, 1975</subfield></datafield><datafield ind1="0" ind2=" " tag="362"><subfield code="a">Vol. 1, no. 1 (Mar. 25, 1872)-v. 8, no. 189 (Nov. 11, 1879).</subfield></datafield><datafield ind1=" " ind2=" " tag="515"><subfield code="a">Issues for Mar. 24, 1877-Nov. 11, 1879 called also whole no. 1611-2412.</subfield></datafield><datafield ind1=" " ind2=" " tag="530"><subfield code="a">Available on microfilm;</subfield><subfield code="b">Library of Congress, Photoduplication Service.</subfield></datafield><datafield ind1=" " ind2=" " tag="580"><subfield code="a">Weekly eds.: Inter ocean (Chicago, Ill. : Weekly), 1872-1874, and: Weekly inter ocean, 1874-1879.</subfield></datafield><datafield ind1=" " ind2=" " tag="580"><subfield code="a">Semiweekly ed.: Semi-weekly inter ocean, &lt;1875&gt;-1879.</subfield></datafield><datafield ind1=" " ind2="0" tag="651"><subfield code="a">Chicago (Ill.)</subfield><subfield code="v">Newspapers.</subfield></datafield><datafield ind1=" " ind2="7" tag="651"><subfield code="a">Illinois</subfield><subfield code="z">Chicago.</subfield><subfield code="2">fast</subfield><subfield code="0">(OCoLC)fst01204048</subfield></datafield><datafield ind1=" " ind2="7" tag="655"><subfield code="a">Newspapers.</subfield><subfield code="2">fast</subfield><subfield code="0">(OCoLC)fst01423814</subfield></datafield><datafield ind1=" " ind2=" " tag="752"><subfield code="a">United States</subfield><subfield code="b">Illinois</subfield><subfield code="c">Cook</subfield><subfield code="d">Chicago.</subfield></datafield><datafield ind1="1" ind2=" " tag="775"><subfield code="t">Inter ocean (Chicago, Ill. : Weekly)</subfield><subfield code="w">(DLC)sn 84038751</subfield><subfield code="w">(OCoLC)11486543</subfield></datafield><datafield ind1="1" ind2=" " tag="775"><subfield code="t">Weekly inter ocean</subfield><subfield code="x">2575-2448</subfield><subfield code="w">(DLC)sn 82016390</subfield><subfield code="w">(OCoLC)9307710</subfield></datafield><datafield ind1="1" ind2=" " tag="775"><subfield code="t">Semi-weekly inter ocean</subfield><subfield code="w">(DLC)sn 82016467</subfield><subfield code="w">(OCoLC)9347218</subfield></datafield><datafield ind1="0" ind2="8" tag="776"><subfield code="i">Online version:</subfield><subfield code="t">Inter ocean (Chicago, Ill. : 1872 : Online)</subfield><subfield code="w">(OCoLC)607401202</subfield></datafield><datafield ind1="0" ind2="0" tag="780"><subfield code="t">Chicago Republican (Chicago, Ill. : 1865)</subfield><subfield code="w">(DLC)sn 82014236</subfield><subfield code="w">(OCoLC)8769631</subfield></datafield><datafield ind1="0" ind2="0" tag="785"><subfield code="t">Daily inter ocean (Chicago, Ill.)</subfield><subfield code="w">(DLC)sn 85038321</subfield><subfield code="w">(OCoLC)12305135</subfield></datafield><datafield ind1="4" ind2="1" tag="856"><subfield code="3">04/03/1875 to 11/11/1879</subfield><subfield code="u">http://infoweb.newsbank.com/?db=EANX&amp;s_browseRef=decades/11499A3E9CB040E8/all.xml</subfield></datafield><datafield ind1="1" ind2=" " tag="029"><subfield code="a">AU@</subfield><subfield code="b">000041033999</subfield></datafield></record>